<?xml version="1.0" encoding="UTF-8"?><collection xmlns="http://www.loc.gov/MARC21/slim"><record><leader>00258nam--2200109-i-4500</leader><controlfield tag="001">000038125</controlfield><controlfield tag="002">20161230</controlfield><controlfield tag="005">20161230201041</controlfield><controlfield tag="008">060222s1000------------r-----000-0-eng-d</controlfield><datafield ind1=" " ind2=" " tag="245"><subfield code="a">Reactors uk</subfield></datafield><datafield ind1=" " ind2=" " tag="260"><subfield code="a">London, U.K.Atomic Energy Auth.,1964. 89 P</subfield></datafield><datafield ind1=" " ind2=" " tag="852"><subfield code="a">16970</subfield></datafield></record></collection>